<?xml version="1.0" encoding="UTF-8"?><collection xmlns="http://www.loc.gov/MARC21/slim"><record><leader>00636nam--2200181-i-4500</leader><controlfield tag="001">000034102</controlfield><controlfield tag="002">20161230</controlfield><controlfield tag="005">20161230201039</controlfield><controlfield tag="008">060222s1000------------r-----000-0-eng-d</controlfield><datafield ind1=" " ind2=" " tag="040"><subfield code="a">IFIN-HH</subfield></datafield><datafield ind1=" " ind2=" " tag="080"><subfield code="a">539.2(061.3):539.172.3(061.3)</subfield></datafield><datafield ind1="1" ind2=" " tag="100"><subfield code="a">Gruverman, Irwing J</subfield></datafield><datafield ind1="1" ind2="0" tag="245"><subfield code="a">Mossbauer effect methodology</subfield><subfield code="b">Volume 6 proceedings of the sixth symposium on mossbauer effect methodology new york city, january 25, 1970</subfield><subfield code="c">Irwing j. gruverman</subfield></datafield><datafield ind1=" " ind2=" " tag="260"><subfield code="a">New York</subfield><subfield code="b">Plenum Press</subfield><subfield code="c">1971</subfield></datafield><datafield ind1=" " ind2=" " tag="300"><subfield code="a">237P</subfield></datafield><datafield ind1=" " ind2=" " tag="490"><subfield code="a">A Publication Of The New England Nuclear Corporation</subfield></datafield><datafield ind1=" " ind2=" " tag="852"><subfield code="a">24295</subfield><subfield code="c">539.163.2</subfield></datafield><datafield ind1=" " ind2=" " tag="CAT"><subfield code="a">Sys</subfield><subfield code="c">20120521</subfield><subfield code="h">131241</subfield></datafield></record></collection>